<record><leader>00000cas a22000007a 4500</leader><controlfield tag="001">12619386</controlfield><controlfield tag="008">850930d19021934iauwr ne      0    0eng d</controlfield><datafield ind1=" " ind2=" " tag="010"><subfield code="a">sn 85050934 </subfield></datafield><datafield ind1=" " ind2=" " tag="040"><subfield code="a">INP</subfield><subfield code="b">eng</subfield><subfield code="c">INP</subfield><subfield code="d">OCLCQ</subfield><subfield code="d">DLC</subfield></datafield><datafield ind1=" " ind2=" " tag="042"><subfield code="a">msc</subfield></datafield><datafield ind1="0" ind2="0" tag="245"><subfield code="a">Webster City journal.</subfield></datafield><datafield ind1="3" ind2="0" tag="246"><subfield code="a">Journal</subfield></datafield><datafield ind1="1" ind2="3" tag="246"><subfield code="a">Hamilton County journal</subfield><subfield code="f">Nov. 6-13, 1902</subfield></datafield><datafield ind1="1" ind2="3" tag="246"><subfield code="a">Weekly journal</subfield></datafield><datafield ind1=" " ind2=" " tag="260"><subfield code="a">Webster City, Iowa :</subfield><subfield code="b">Journal Print. Co.,</subfield><subfield code="c">1902-</subfield></datafield><datafield ind1=" " ind2=" " tag="300"><subfield code="a">v. :</subfield><subfield code="b">ill. ;</subfield><subfield code="c">55 cm.</subfield></datafield><datafield ind1=" " ind2=" " tag="310"><subfield code="a">Weekly</subfield></datafield><datafield ind1="0" ind2=" " tag="362"><subfield code="a">Vol. 9, no. 45 (Nov. 6, 1902)-</subfield></datafield><datafield ind1="1" ind2=" " tag="362"><subfield code="a">Ceased in 1934?</subfield><subfield code="z">Cf. Bibl. of Iowa newspapers.</subfield></datafield><datafield ind1=" " ind2=" " tag="500"><subfield code="a">Publishers: Journal Print Co., Nov. 6, 1902-Oct. 25, 1906; Journal Pub. Co., Nov. 1, 1906-Oct. 11, 1917; Freeman-Journal Pub. Co., Oct. 18, 1917-&lt;Dec. 29, 1926&gt;.</subfield></datafield><datafield ind1=" " ind2=" " tag="500"><subfield code="a">Editors: C.D. Hellen, Nov. 6, 1902-Oct. 25, 1906; Geo. C. Tucker, Dec. 6, 1906-Oct. 11, 1917; W.F. Hunter, Oct. 18, 1917-</subfield></datafield><datafield ind1=" " ind2=" " tag="515"><subfield code="a">Numbering system discontinued Jan. 8, 1925.</subfield></datafield><datafield ind1=" " ind2=" " tag="752"><subfield code="a">United States</subfield><subfield code="b">Iowa</subfield><subfield code="c">Hamilton</subfield><subfield code="d">Webster City.</subfield></datafield><datafield ind1="0" ind2=" " tag="775"><subfield code="t">Evening journal (Webster City, Iowa)</subfield><subfield code="w">(DLC)sn 85050931</subfield><subfield code="g">1902-&lt;1906&gt;</subfield></datafield><datafield ind1="0" ind2=" " tag="775"><subfield code="t">Daily freeman-journal</subfield><subfield code="w">(DLC)sn 85050935</subfield><subfield code="g">Oct. 15, 1917-&lt;Dec. 29, 1926&gt;</subfield></datafield><datafield ind1="0" ind2=" " tag="777"><subfield code="t">Webster City freeman (Webster City, Iowa : 1884)</subfield><subfield code="x">2375-3358</subfield><subfield code="w">(DLC)sn 85050913</subfield><subfield code="g">Oct. 18, 1917-&lt;Dec. 29, 1926&gt;</subfield><subfield code="w">(OCoLC)12610266</subfield></datafield><datafield ind1="0" ind2="0" tag="780"><subfield code="t">Hamilton County journal (Webster City, Iowa)</subfield><subfield code="w">(DLC)sn 85050915</subfield></datafield><datafield ind1="1" ind2=" " tag="029"><subfield code="a">AU@</subfield><subfield code="b">000025790224</subfield></datafield></record>